@misc{gupta2014learningrichfeaturesrgbd,
      title={Learning Rich Features from RGB-D Images for Object Detection and Segmentation}, 
      author={Saurabh Gupta and Ross Girshick and Pablo Arbel√°ez and Jitendra Malik},
      year={2014},
      eprint={1407.5736},
      archivePrefix={arXiv},
      primaryClass={cs.CV},
      url={https://arxiv.org/abs/1407.5736}, 
}